<?xml version="1.0"?>
<collection xmlns="http://www.loc.gov/MARC21/slim">
  <record>
    <leader>02202cam a2200553Ia 4500</leader>
    <controlfield tag="001">perspectivesonmaalbe_0</controlfield>
    <controlfield tag="003">CaSfIA</controlfield>
    <controlfield tag="005">20161104152935.0</controlfield>
    <controlfield tag="007">cr||||||||||||</controlfield>
    <controlfield tag="008">980125s2001    abca         s000 0 eng  </controlfield>
    <datafield tag="016" ind1=" " ind2=" ">
      <subfield code="a">20028012100</subfield>
    </datafield>
    <datafield tag="020" ind1=" " ind2=" ">
      <subfield code="a">0774119764</subfield>
    </datafield>
    <datafield tag="020" ind1=" " ind2=" ">
      <subfield code="a">9780774119764</subfield>
    </datafield>
    <datafield tag="020" ind1=" " ind2=" ">
      <subfield code="a">1894811909</subfield>
      <subfield code="q">(booklet 1)</subfield>
    </datafield>
    <datafield tag="020" ind1=" " ind2=" ">
      <subfield code="a">9781894811903</subfield>
      <subfield code="q">(booklet 1)</subfield>
    </datafield>
    <datafield tag="020" ind1=" " ind2=" ">
      <subfield code="a">1894811917</subfield>
      <subfield code="q">(booklet 2)</subfield>
    </datafield>
    <datafield tag="020" ind1=" " ind2=" ">
      <subfield code="a">9781894811910</subfield>
      <subfield code="q">(booklet 2)</subfield>
    </datafield>
    <datafield tag="035" ind1=" " ind2=" ">
      <subfield code="a">ocm49976620</subfield>
    </datafield>
    <datafield tag="040" ind1=" " ind2=" ">
      <subfield code="a">NLC</subfield>
      <subfield code="b">eng</subfield>
      <subfield code="c">NLC</subfield>
      <subfield code="d">OCLCF</subfield>
      <subfield code="d">OCLCO</subfield>
      <subfield code="d">OCLCQ</subfield>
      <subfield code="d">LTSCA</subfield>
      <subfield code="d">AEU</subfield>
      <subfield code="d">CaSfIA</subfield>
    </datafield>
    <datafield tag="050" ind1=" " ind2="4">
      <subfield code="a">HQ560</subfield>
      <subfield code="b">.P47 2001</subfield>
    </datafield>
    <datafield tag="055" ind1="0" ind2="7">
      <subfield code="a">COP.AL.2.2002-59</subfield>
    </datafield>
    <datafield tag="082" ind1="0" ind2="4">
      <subfield code="a">306.81</subfield>
      <subfield code="2">21</subfield>
    </datafield>
    <datafield tag="090" ind1=" " ind2=" ">
      <subfield code="a">HQ 560 P47 2001</subfield>
      <subfield code="b">AEU</subfield>
    </datafield>
    <datafield tag="090" ind1=" " ind2=" ">
      <subfield code="a">HQ 560 P477</subfield>
      <subfield code="b">AEE</subfield>
    </datafield>
    <datafield tag="245" ind1="0" ind2="0">
      <subfield code="a">Perspectives on marriage :</subfield>
      <subfield code="h">[electronic resource] </subfield>
      <subfield code="b">CMH 3140.</subfield>
    </datafield>
    <datafield tag="246" ind1="1" ind2="4">
      <subfield code="a">Career &amp; technology studies, perspectives on marriage, CMH 3140</subfield>
    </datafield>
    <datafield tag="260" ind1=" " ind2=" ">
      <subfield code="a">[Edmonton] :</subfield>
      <subfield code="b">Alberta Learning,</subfield>
      <subfield code="c">&#xA9;2001.</subfield>
    </datafield>
    <datafield tag="300" ind1=" " ind2=" ">
      <subfield code="a">153 pages :</subfield>
      <subfield code="b">illustrations ;</subfield>
      <subfield code="c">28 cm +</subfield>
      <subfield code="e">2 booklets</subfield>
    </datafield>
    <datafield tag="336" ind1=" " ind2=" ">
      <subfield code="a">text</subfield>
      <subfield code="b">txt</subfield>
      <subfield code="2">rdacontent</subfield>
    </datafield>
    <datafield tag="337" ind1=" " ind2=" ">
      <subfield code="a">unmediated</subfield>
      <subfield code="b">n</subfield>
      <subfield code="2">rdamedia</subfield>
    </datafield>
    <datafield tag="338" ind1=" " ind2=" ">
      <subfield code="a">volume</subfield>
      <subfield code="b">nc</subfield>
      <subfield code="2">rdacarrier</subfield>
    </datafield>
    <datafield tag="550" ind1=" " ind2=" ">
      <subfield code="a">Issued by: Learning Technologies Branch.</subfield>
    </datafield>
    <datafield tag="590" ind1=" " ind2=" ">
      <subfield code="a">Approved for use in Alberta schools.</subfield>
      <subfield code="5">CaAEU</subfield>
    </datafield>
    <datafield tag="596" ind1=" " ind2=" ">
      <subfield code="a">2 38</subfield>
    </datafield>
    <datafield tag="650" ind1=" " ind2="0">
      <subfield code="a">Marriage</subfield>
      <subfield code="z">Alberta</subfield>
      <subfield code="v">Programmed instruction.</subfield>
    </datafield>
    <datafield tag="650" ind1=" " ind2="0">
      <subfield code="a">Marriage</subfield>
      <subfield code="z">Alberta</subfield>
      <subfield code="x">Planning</subfield>
      <subfield code="v">Programmed instruction.</subfield>
    </datafield>
    <datafield tag="650" ind1=" " ind2="0">
      <subfield code="a">Married people</subfield>
      <subfield code="z">Alberta</subfield>
      <subfield code="v">Programmed instruction.</subfield>
    </datafield>
    <datafield tag="650" ind1=" " ind2="0">
      <subfield code="a">Interpersonal relations</subfield>
      <subfield code="v">Programmed instruction.</subfield>
    </datafield>
    <datafield tag="650" ind1=" " ind2="0">
      <subfield code="a">Life skills</subfield>
      <subfield code="v">Programmed instruction.</subfield>
    </datafield>
    <datafield tag="710" ind1="1" ind2=" ">
      <subfield code="a">Alberta.</subfield>
      <subfield code="b">Learning Technologies Branch.</subfield>
    </datafield>
    <datafield tag="710" ind1="1" ind2=" ">
      <subfield code="a">Alberta.</subfield>
      <subfield code="b">Alberta Learning.</subfield>
    </datafield>
    <datafield tag="856" ind1="4" ind2="1">
      <subfield code="u">http://archive.org/details/perspectivesonmaalbe_0</subfield>
      <subfield code="z">Free eBook from the Internet Archive</subfield>
      <subfield code="3">Volume bk. B</subfield>
    </datafield>
    <datafield tag="856" ind1="4" ind2="2">
      <subfield code="u">http://www.openlibrary.org/books/OL5512945M</subfield>
      <subfield code="z">Additional information and access via Open Library</subfield>
      <subfield code="3">Volume bk. B</subfield>
    </datafield>
  </record>
</collection>
